<?xml version="1.0" encoding="UTF-8" ?>
<collection>
	<record>
		<leader>^^^^^^am^^^^^^^^^^^^^^^^</leader>
		<controlfield tag="001">10001235</controlfield>
		<datafield tag="020" ind1="" ind2="">
			<subfield code="a">9780199693795</subfield>
		</datafield>
		<datafield tag="041" ind1="" ind2="">
			<subfield code="a">eng</subfield>
		</datafield>
		<datafield tag="100" ind1="" ind2="">
			<subfield code="a">Bentley, Peter</subfield>
		</datafield>
		<datafield tag="245" ind1="" ind2="">
			<subfield code="a">Digitized : the science of computers and how it shapes our world</subfield>
			<subfield code="c">Bentley, Peter</subfield>
		</datafield>
		<datafield tag="260" ind1="" ind2="">
			<subfield code="c">2012</subfield>
		</datafield>
		<datafield tag="520" ind1="" ind2="">
			<subfield code="a">In this book the author tells the story of computer science, explaining how and why computers were invented, how they work, looking at real-world examples of computers in use, and considering what will happen in the future. There's a hidden science that affects every part of your life. You are fluent in its terminology of email, WiFi, social networking, and encryption. You use its results when you make a telephone call, access the Internet, use any factory-produced product, or travel in any modern car. The discipline is so new that some prefer to call it a branch of engineering or mathematics. But it is so powerful and world-changing that you would be hard-pressed to find a single human being on the planet unaffected by its achievements. The science of computers enables the supply and creation of power, food, water, medicine, transport, money, communication, entertainment, and most goods in shops. It has transformed societies with the Internet, the digitization of information, mobile phone networks and GPS (Global Positioning System) technologies. Here, the author explores how this young discipline grew from its theoretical conception by pioneers such as Turing, through its growth spurts in the Internet, its difficult adolescent stage where the promises of Artificial Intelligence (AI) were never achieved and dot-com bubble burst, to its current stage as a (semi)mature field, now capable of remarkable achievements. Charting the successes and failures of computer science through the years, he discusses what innovations may change our world in the future.</subfield>
		</datafield>
		<datafield tag="650" ind1="1" ind2="0">
			<subfield code="a">Astronomy</subfield>
		</datafield>
	</record>