
	<record>
		<leader>^^^^^^am^^^^^^^^^^^^^^^^</leader>
		<controlfield tag="001">10001235</controlfield>
		<datafield tag="020" ind1="" ind2="">
			<subfield code="a">9780470399095</subfield>
		</datafield>
		<datafield tag="041" ind1="" ind2="">
			<subfield code="a">eng</subfield>
		</datafield>
		<datafield tag="100" ind1="" ind2="">
			<subfield code="a">Di Justo, Patrick</subfield>
		</datafield>
		<datafield tag="245" ind1="" ind2="">
			<subfield code="a">The science of Battlestar Galactica</subfield>
			<subfield code="c">Di Justo, Patrick</subfield>
		</datafield>
		<datafield tag="260" ind1="" ind2="">
			<subfield code="c">2011</subfield>
		</datafield>
		<datafield tag="520" ind1="" ind2="">
			<subfield code="a">Battlestar Galactica (BSG) has been called the best show on television, and as real as science fiction gets. It has dealt with issues of religious freedom, patriotism, terrorism, genetic engineering, and the ultimate science fiction question: what does it mean to be human? While the re-imagined BSG may not be packed with cool techie tools (the bad guys don't even have laser guns for frak's sake!), this book shows that the science in the series has a lot to say about the use of science and technology in our lives today--</subfield>
		</datafield>
		<datafield tag="650" ind1="1" ind2="0">
			<subfield code="a">Astronomy</subfield>
		</datafield>
	</record>