
	<record>
		<leader>^^^^^^am^^^^^^^^^^^^^^^^</leader>
		<controlfield tag="001">10001235</controlfield>
		<datafield tag="020" ind1="" ind2="">
			<subfield code="a">9781847445018</subfield>
		</datafield>
		<datafield tag="041" ind1="" ind2="">
			<subfield code="a">eng</subfield>
		</datafield>
		<datafield tag="100" ind1="" ind2="">
			<subfield code="a">Miller, Ben</subfield>
		</datafield>
		<datafield tag="245" ind1="" ind2="">
			<subfield code="a">It's not rocket science</subfield>
			<subfield code="c">Miller, Ben</subfield>
		</datafield>
		<datafield tag="260" ind1="" ind2="">
			<subfield code="c">2012</subfield>
		</datafield>
		<datafield tag="520" ind1="" ind2="">
			<subfield code="a">Black holes. Global warming. The Hadron Collider. Ever had that sinking feeling that you really should know about these things, but somehow never quite grasped them? Don't worry - you're not alone. Before Ben Miller was a comedian, he used to be a physicist, working towards a PhD in Novel Quantum Effects in Quasi-Zero-Dimensional Electron Systems. But then he woke up twenty years later and realised he didn't know any of this stuff either. And so he set out on a mission. He worked out the ten most vital things in science - the things you really need to know. He talked to experts, he visited research labs, he went to see the Hadron Collider in action... And then he wrote this book.</subfield>
		</datafield>
		<datafield tag="650" ind1="1" ind2="0">
			<subfield code="a">Astronomy</subfield>
		</datafield>
	</record>