
	<record>
		<leader>^^^^^^am^^^^^^^^^^^^^^^^</leader>
		<controlfield tag="001">10001235</controlfield>
		<datafield tag="020" ind1="" ind2="">
			<subfield code="a">9781617031533</subfield>
		</datafield>
		<datafield tag="041" ind1="" ind2="">
			<subfield code="a">eng</subfield>
		</datafield>
		<datafield tag="100" ind1="" ind2="">
			<subfield code="a">Magee, Carol L</subfield>
		</datafield>
		<datafield tag="245" ind1="" ind2="">
			<subfield code="a">Africa in the American imagination popular culture, racialized identities, and African visual culture</subfield>
			<subfield code="c">Magee, Carol L</subfield>
		</datafield>
		<datafield tag="260" ind1="" ind2="">
			<subfield code="c">2012</subfield>
		</datafield>
		<datafield tag="520" ind1="" ind2="">
			<subfield code="a">In the American world, the presence of African culture is sometimes fully embodied and sometimes leaves only a trace. Africa in the American Imagination: Popular Culture, Racialized Identities, and African Visual Culture explores this presence, examining Mattel's world of Barbie, the 1996 Sports Illustrated swimsuit issue, and Disney World, each of which repackages African visual culture for consumers. Because these cultural icons permeate American life, they represent the broader U.S. culture and its relationship to African culture. This study integrates approaches from art history and visual</subfield>
		</datafield>
	</record>