
	<record>
		<leader>^^^^^^am^^^^^^^^^^^^^^^^</leader>
		<controlfield tag="001">10001235</controlfield>
		<datafield tag="020" ind1="" ind2="">
			<subfield code="a">9781611450514</subfield>
		</datafield>
		<datafield tag="041" ind1="" ind2="">
			<subfield code="a">eng</subfield>
		</datafield>
		<datafield tag="100" ind1="" ind2="">
			<subfield code="a">Fisher, Len</subfield>
		</datafield>
		<datafield tag="245" ind1="" ind2="">
			<subfield code="a">The science of everyday life : an entertaining and enlightening examination of everything we do and everything we see</subfield>
			<subfield code="c">Fisher, Len</subfield>
		</datafield>
		<datafield tag="260" ind1="" ind2="">
			<subfield code="c">2011</subfield>
		</datafield>
		<datafield tag="520" ind1="" ind2="">
			<subfield code="a">Presents a scientific look at everyday activities, including the art and science of dunking, how to boil an egg, how to tally a supermarket bill, the science behind hand tools, catching a ball or throwing a boomerang, and the physics of sex.</subfield>
		</datafield>
		<datafield tag="650" ind1="1" ind2="0">
			<subfield code="a">Science</subfield>
		</datafield>
	</record>