
	<record>
		<leader>^^^^^^am^^^^^^^^^^^^^^^^</leader>
		<controlfield tag="001">10001235</controlfield>
		<datafield tag="020" ind1="" ind2="">
			<subfield code="a">9789814295642</subfield>
		</datafield>
		<datafield tag="041" ind1="" ind2="">
			<subfield code="a">eng</subfield>
		</datafield>
		<datafield tag="100" ind1="" ind2="">
			<subfield code="a">Prasol, A. F</subfield>
		</datafield>
		<datafield tag="245" ind1="" ind2="">
			<subfield code="a">Modern Japan origins of the mind : Japanese traditions and approaches to contemporary life</subfield>
			<subfield code="c">Prasol, A. F</subfield>
		</datafield>
		<datafield tag="260" ind1="" ind2="">
			<subfield code="c">2010</subfield>
		</datafield>
		<datafield tag="520" ind1="" ind2="">
			<subfield code="a">The book takes a fresh look at modern Japan, and does not treat the Japanese as enigmatic or mysterious people; their ways of thinking and their culture can be explained by an honest appraisal of their history and of the norms that have shaped this history. This book not only reveals the mentality and national character of modern Japanese people but also attempts to explore and analyze the roots of their mannerisms. Everyone knows that the Japanese are generally more polite than other nationalities, but why is this so? Why do they embrace a relaxed attitude when being served by others? Surely, there must be specific reasons to account for these observations. Delving into the social values of the Japanese, why do they value loyalty and commitment so much? How long have they been upholding these virtues? Why, when interrogated by the police, even without being beaten or tortured, do they easily confess guilt for crimes that they have not committed? What are the reasons for such behaviors? All these questions and more are answered in this book.</subfield>
		</datafield>
	</record>