
	<record>
		<leader>^^^^^^am^^^^^^^^^^^^^^^^</leader>
		<controlfield tag="001">10001235</controlfield>
		<datafield tag="020" ind1="" ind2="">
			<subfield code="a">9781461430308</subfield>
		</datafield>
		<datafield tag="041" ind1="" ind2="">
			<subfield code="a">eng</subfield>
		</datafield>
		<datafield tag="100" ind1="" ind2="">
			<subfield code="a">Seedhouse, Erik</subfield>
		</datafield>
		<datafield tag="245" ind1="" ind2="">
			<subfield code="a">Pulling G human responses to high and low gravity</subfield>
			<subfield code="c">Seedhouse, Erik</subfield>
		</datafield>
		<datafield tag="260" ind1="" ind2="">
			<subfield code="c">2013</subfield>
		</datafield>
		<datafield tag="520" ind1="" ind2="">
			<subfield code="a">Formula 1 racing drivers, figher pilots, astronauts - G forces are an integral part of their lives- How do racing drivers sustain high G loads and not pass out?- What accelerative forces are unleashed when a fighter pilot ejects from a high-performance jet?- What is it like being launched into space and what are the effects on astronauts living in zero G on board the International Space Station?- How do aircraft simulate zero G?Pulling G gives a unique insight into how G forces affect people working inthe high and low G environments. It examines the risks of high and low acceleration and explains the physiology of surviving in these environments. The history of G-related research is described, together with present-day and future development of methods to cope with the effects of increased and reduced G.</subfield>
		</datafield>
		<datafield tag="650" ind1="1" ind2="0">
			<subfield code="a">Astronomy</subfield>
		</datafield>
	</record>