
	<record>
		<leader>^^^^^^am^^^^^^^^^^^^^^^^</leader>
		<controlfield tag="001">10001235</controlfield>
		<datafield tag="020" ind1="" ind2="">
			<subfield code="a">9781843313427</subfield>
		</datafield>
		<datafield tag="041" ind1="" ind2="">
			<subfield code="a">eng</subfield>
		</datafield>
		<datafield tag="100" ind1="" ind2="">
			<subfield code="a">Dāśa, Anirbāṇa</subfield>
		</datafield>
		<datafield tag="245" ind1="" ind2="">
			<subfield code="a">Toward a politics of the (im)possible the body in third world feminisms</subfield>
			<subfield code="c">Dāśa, Anirbāṇa</subfield>
		</datafield>
		<datafield tag="260" ind1="" ind2="">
			<subfield code="c">2010</subfield>
		</datafield>
		<datafield tag="520" ind1="" ind2="">
			<subfield code="a">This book presents a philosophical discussion on the issues of the body and knowledge from a feminist perspective.</subfield>
		</datafield>
	</record>