
	<record>
		<leader>^^^^^^am^^^^^^^^^^^^^^^^</leader>
		<controlfield tag="001">10001235</controlfield>
		<datafield tag="020" ind1="" ind2="">
			<subfield code="a">9780230019805</subfield>
		</datafield>
		<datafield tag="041" ind1="" ind2="">
			<subfield code="a">eng</subfield>
		</datafield>
		<datafield tag="100" ind1="" ind2="">
			<subfield code="a">Brake, Mark</subfield>
		</datafield>
		<datafield tag="245" ind1="" ind2="">
			<subfield code="a">Different engines : how science drives fiction and fiction drives science</subfield>
			<subfield code="c">Brake, Mark</subfield>
		</datafield>
		<datafield tag="260" ind1="" ind2="">
			<subfield code="c">2008</subfield>
		</datafield>
		<datafield tag="520" ind1="" ind2="">
			<subfield code="a">The symbiosis of science and science fiction shapes what we see, do and dream. &quot;Since its emergence in the 17th century, science fiction (SF) has been a sustained, coherent and subversive check on the promises and pitfalls of science. In their turn, invention and discovery have forced fiction writers to confront the nature and limits of reality. Different Engines is the first trade book to explore how this fascinating symbiosis shapes what we see, do and dream.&quot; &quot;From Johannes Kepler's Somnium to Arthur C. Clarke's 2001, science fiction has emerged as a mode of thinking complementary to the scientific method, argue Professor Mark-Brake and Reverend Neil Hook SF's field of interest is the gap between the new worlds uncovered by experimentation and exploration and the fantastic worlds of the imagination. Its proponents find drama in the tension between the familiar and the unfamiliar. Its readers, many of them scientists and politicians, find inspiration in the contrast between the ordinary and the extraordinary. Brake and Hook's Different Engines is a unique, provocative and compelling account of science fiction as the arbiter of progress.&quot;--BOOK JACKET.</subfield>
		</datafield>
		<datafield tag="650" ind1="1" ind2="0">
			<subfield code="a">Science</subfield>
		</datafield>
	</record>