
	<record>
		<leader>^^^^^^am^^^^^^^^^^^^^^^^</leader>
		<controlfield tag="001">10001235</controlfield>
		<datafield tag="020" ind1="" ind2="">
			<subfield code="a">9780520939646</subfield>
		</datafield>
		<datafield tag="041" ind1="" ind2="">
			<subfield code="a">eng</subfield>
		</datafield>
		<datafield tag="100" ind1="" ind2="">
			<subfield code="a">Frühstück, Sabine</subfield>
		</datafield>
		<datafield tag="245" ind1="" ind2="">
			<subfield code="a">Uneasy warriors gender, memory, and popular culture in the Japanese Army</subfield>
			<subfield code="c">Frühstück, Sabine</subfield>
		</datafield>
		<datafield tag="260" ind1="" ind2="">
			<subfield code="c">2007</subfield>
		</datafield>
		<datafield tag="520" ind1="" ind2="">
			<subfield code="a">The author draws on interviews, historical research, and analysis to describe the unusual case of a non-war making military. As the first scholar permitted to participate in basic SDF training, she offers a firsthand look at an army trained for combat that nevertheless serves nontraditional military needs.</subfield>
		</datafield>
	</record>