
	<record>
		<leader>^^^^^^am^^^^^^^^^^^^^^^^</leader>
		<controlfield tag="001">10001235</controlfield>
		<datafield tag="020" ind1="" ind2="">
			<subfield code="a">9781441656933</subfield>
		</datafield>
		<datafield tag="041" ind1="" ind2="">
			<subfield code="a">eng</subfield>
		</datafield>
		<datafield tag="100" ind1="" ind2="">
			<subfield code="a">Nenzi, Laura Nenz Detto</subfield>
		</datafield>
		<datafield tag="245" ind1="" ind2="">
			<subfield code="a">Excursions in identity travel and the intersection of place, gender, and status in Edo Japan</subfield>
			<subfield code="c">Nenzi, Laura Nenz Detto</subfield>
		</datafield>
		<datafield tag="260" ind1="" ind2="">
			<subfield code="c">2008</subfield>
		</datafield>
		<datafield tag="520" ind1="" ind2="">
			<subfield code="a">In the Edo period (1600-1868), status- and gender-based expectations largely defined a person's place and identity in society. The wayfarers of the time, however, discovered that travel provided the opportunity to escape from the confines of the everyday. Cultured travelers of the seventeenth and eighteenth centuries wrote travel memoirs to celebrate their profession as belle-lettrists. For women in particular the open road and the blank page of the diary offered a precious opportunity to create personal hierarchies defined less by gender and more by culture and refinement. After the mid-eighteenth century - which saw the popularization of culture and the rise of commercial printing - textbooks, guides, comical fiction, and woodblock prints allowed not a few commoners to acquaint themselves with the historical, lyrical, or artistic pedigree of Japan's famous sites. By identifying themselves with famous literary and historical icons of the past, some among these erudite commoners saw an opportunity to rewrite their lives and re-create their identities in the pages of their travel diaries.--Jacket.</subfield>
		</datafield>
	</record>