
	<record>
		<leader>^^^^^^am^^^^^^^^^^^^^^^^</leader>
		<controlfield tag="001">10001235</controlfield>
		<datafield tag="020" ind1="" ind2="">
			<subfield code="a">9780307592835</subfield>
		</datafield>
		<datafield tag="041" ind1="" ind2="">
			<subfield code="a">eng</subfield>
		</datafield>
		<datafield tag="100" ind1="" ind2="">
			<subfield code="a">Egan, Jennifer</subfield>
		</datafield>
		<datafield tag="245" ind1="" ind2="">
			<subfield code="a">A visit from the Goon Squad</subfield>
			<subfield code="c">Egan, Jennifer</subfield>
		</datafield>
		<datafield tag="260" ind1="" ind2="">
			<subfield code="c">2010</subfield>
		</datafield>
		<datafield tag="520" ind1="" ind2="">
			<subfield code="a">Bennie Salazar, an aging former punk rocker and record executive, and Sasha, the passionate, troubled young woman he employs confront their pasts in this powerful story about how rebellion ages, influence corrupts, habits turn to addictions, lifelong friendships fluctuate and turn, and how art and music have the power to redeem.</subfield>
		</datafield>
		<datafield tag="650" ind1="1" ind2="0">
			<subfield code="a">Rock music</subfield>
		</datafield>
	</record>