
	<record>
		<leader>^^^^^^am^^^^^^^^^^^^^^^^</leader>
		<controlfield tag="001">10001235</controlfield>
		<datafield tag="020" ind1="" ind2="">
			<subfield code="a">9780226723808</subfield>
		</datafield>
		<datafield tag="041" ind1="" ind2="">
			<subfield code="a">eng</subfield>
		</datafield>
		<datafield tag="100" ind1="" ind2="">
			<subfield code="a">Rogers, Alan R</subfield>
		</datafield>
		<datafield tag="245" ind1="" ind2="">
			<subfield code="a">The evidence for evolution</subfield>
			<subfield code="c">Rogers, Alan R</subfield>
		</datafield>
		<datafield tag="260" ind1="" ind2="">
			<subfield code="c">2011</subfield>
		</datafield>
		<datafield tag="520" ind1="" ind2="">
			<subfield code="a">According to polling data, most Americans doubt that evolution is a real phenomenon. And it's no wonder that so many are skeptical: many of today's biology courses and textbooks dwell on the mechanisms of evolution--natural selection, genetic drift, and gene flow--but say little about the evidence that evolution happens at all. How do we know that species change? Has there really been enough time for evolution to operate? With The Evidence for Evolution, Alan R. Rogers provides an elegant, straightforward text that details the evidence for evolution. Rogers covers different levels of evolution, from within-species changes, which are much less challenging to see and believe, to much larger ones, say, from fish to amphibian, or from land mammal to whale. For each case, he supplies numerous lines of evidence to illustrate the changes, including fossils, DNA, and radioactive isotopes. His comprehensive treatment stresses recent advances in knowledge but also recounts the give and take between skeptical scientists who first asked how can we be sure&quot; and then marshaled scientific evidence to attain certainty&quot;--P. [4] of cover.</subfield>
		</datafield>
		<datafield tag="650" ind1="1" ind2="0">
			<subfield code="a">Evolution</subfield>
		</datafield>
	</record>