
	<record>
		<leader>^^^^^^am^^^^^^^^^^^^^^^^</leader>
		<controlfield tag="001">10001235</controlfield>
		<datafield tag="020" ind1="" ind2="">
			<subfield code="a">9780199718368</subfield>
		</datafield>
		<datafield tag="041" ind1="" ind2="">
			<subfield code="a">eng</subfield>
		</datafield>
		<datafield tag="100" ind1="" ind2="">
			<subfield code="a">Gjerdingen, Robert O</subfield>
		</datafield>
		<datafield tag="245" ind1="" ind2="">
			<subfield code="a">Music in the galant style</subfield>
			<subfield code="c">Gjerdingen, Robert O</subfield>
		</datafield>
		<datafield tag="260" ind1="" ind2="">
			<subfield code="c">2007</subfield>
		</datafield>
		<datafield tag="520" ind1="" ind2="">
			<subfield code="a">Music in the Galant Style by Robert O. Gjerdingen is a groundbreaking book that explains 18th-century composition through the lens of Italian partimento (keyboard exercises) and recurring voice-leading patterns called &quot;schemata&quot;. It argues that the galant style, a precursor to Classical music, was built on a shared vocabulary of these stock patterns, allowing for rapid, fashionable production. The book is praised for reframing 18th-century music analysis, moving beyond later Roman numeral or Schenkerian methods to reveal how composers actually learned and worked.</subfield>
		</datafield>
		<datafield tag="650" ind1="1" ind2="0">
			<subfield code="a">Music</subfield>
		</datafield>
	</record>