
	<record>
		<leader>^^^^^^am^^^^^^^^^^^^^^^^</leader>
		<controlfield tag="001">10001235</controlfield>
		<datafield tag="020" ind1="" ind2="">
			<subfield code="a">393038939</subfield>
		</datafield>
		<datafield tag="041" ind1="" ind2="">
			<subfield code="a">eng</subfield>
		</datafield>
		<datafield tag="100" ind1="" ind2="">
			<subfield code="a">Swafford, Jan</subfield>
		</datafield>
		<datafield tag="245" ind1="" ind2="">
			<subfield code="a">Charles Ives : a life with music</subfield>
			<subfield code="c">Swafford, Jan</subfield>
		</datafield>
		<datafield tag="260" ind1="" ind2="">
			<subfield code="c">1996</subfield>
		</datafield>
		<datafield tag="520" ind1="" ind2="">
			<subfield code="a">This penetrating study illuminates the life and works of the enigmatic composer/insurance executive Charles Ives, whose experimental works profoundly influenced the course of American classical music in the twentieth century. In his rich and colorful biography, Jan Swafford, himself an established composer, looks at this towering, paradoxical figure and finds the consistencies lying beneath the protean surface. Using what he calls an &quot;Ivesian&quot; approach, Swafford sees the music and the life as forming a single story; one that is firmly rooted in Ives's Yankee background. Thus the book unfolds with a brief history of Ives's Connecticut hometown of Danbury, then describes Civil War band music, and finally draws a fascinating portrait of George Ives, Charles's remarkable father and musical mentor. We follow Ives to Yale and then to his early years in New York, as he becomes at once a composer of conventional church anthems, an unprecedented innovator in musical technique, and a rising insurance executive. After skillfully evoking the sights and sounds that influenced the composer and his music, Swafford weaves together Ives the businessman and Ives the musical explorer, always keeping the discussion of the works at a nontechnical level.</subfield>
		</datafield>
		<datafield tag="650" ind1="1" ind2="0">
			<subfield code="a">Music</subfield>
		</datafield>
	</record>